
@inproceedings{mueller2016siamese,
  title={Siamese Recurrent Architectures for Learning Sentence Similarity.},
  author={Mueller, Jonas and Thyagarajan, Aditya},
  booktitle={AAAI},
  pages={2786--2792},
  year={2016}
}